<record><leader>00000cas a22000007a 4500</leader><controlfield tag="001">19597277</controlfield><controlfield tag="008">890425d1843184upauwr ne      0    0eng d</controlfield><datafield ind1=" " ind2=" " tag="010"><subfield code="a">sn 89077553 </subfield></datafield><datafield ind1=" " ind2=" " tag="040"><subfield code="a">NPH</subfield><subfield code="b">eng</subfield><subfield code="c">NPH</subfield><subfield code="d">UBY</subfield><subfield code="d">OCLCQ</subfield></datafield><datafield ind1=" " ind2=" " tag="042"><subfield code="a">msc</subfield></datafield><datafield ind1="0" ind2=" " tag="130"><subfield code="a">Columbia spy (Columbia, Pa. : 1843)</subfield></datafield><datafield ind1="1" ind2="0" tag="245"><subfield code="a">Columbia spy.</subfield></datafield><datafield ind1="1" ind2="7" tag="246"><subfield code="a">Columbia spy and Lancaster and York County record</subfield></datafield><datafield ind1=" " ind2=" " tag="260"><subfield code="a">Columbia, Penn'a. :</subfield><subfield code="b">Bowen &amp; Gossler,</subfield><subfield code="c">1843-</subfield></datafield><datafield ind1=" " ind2=" " tag="300"><subfield code="a">v. :</subfield><subfield code="b">ill. (chiefly advertisements) ;</subfield><subfield code="c">60 cm.</subfield></datafield><datafield ind1=" " ind2=" " tag="310"><subfield code="a">Weekly</subfield></datafield><datafield ind1="0" ind2=" " tag="362"><subfield code="a">Vol. 13, no. 33 (Dec. 9, 1843)-</subfield></datafield><datafield ind1=" " ind2="0" tag="650"><subfield code="a">Columbia (Pa.)</subfield><subfield code="v">Newspapers.</subfield></datafield><datafield ind1=" " ind2=" " tag="752"><subfield code="a">United States</subfield><subfield code="b">Pennsylvania</subfield><subfield code="c">Lancaster</subfield><subfield code="d">Columbia.</subfield></datafield><datafield ind1="0" ind2="0" tag="780"><subfield code="t">Columbia spy and Lancaster and York County Democrat</subfield><subfield code="w">(DLC)sn 86071307</subfield></datafield><datafield ind1="0" ind2="0" tag="785"><subfield code="t">Columbia spy and Lancaster and York County record (Columbia, Pa. : 1845)</subfield><subfield code="w">(DLC)sn 86071308</subfield></datafield></record>